@book{nltk,
	author = {Bird, Steven and Klein, Ewan and Loper, Edward},
	day = {07},
	edition = {1\textsuperscript{st}},
	howpublished = {Paperback},
	isbn = {0596516495},
	keywords = {natural\_language\_processing, python},
	month = jul,
	posted-at = {2010-04-10 23:50:07},
	priority = {2},
	publisher = {O'Reilly Media},
	title = {{Natural Language Processing with Python}},
	year = {2009}
}

